@inproceedings{mitchell2008vector,
  title={Vector-based Models of Semantic Composition.},
  author={Mitchell, Jeff and Lapata, Mirella},
  booktitle={ACL},
  pages={236--244},
  year={2008}
}

@inproceedings{blacoe2012comparison,
  title={A comparison of vector-based representations for semantic composition},
  author={Blacoe, William and Lapata, Mirella},
  booktitle={Proceedings of the 2012 joint conference on empirical methods in natural language processing and computational natural language learning},
  pages={546--556},
  year={2012},
  organization={Association for Computational Linguistics}
}

@inproceedings{ganitkevitch2013ppdb,
  title={PPDB: The Paraphrase Database.},
  author={Ganitkevitch, Juri and Van Durme, Benjamin and Callison-Burch, Chris},
  booktitle={HLT-NAACL},
  pages={758--764},
  year={2013}
}

@article{bowman2015large,
  title={A large annotated corpus for learning natural language inference},
  author={Bowman, Samuel R and Angeli, Gabor and Potts, Christopher and Manning, Christopher D},
  journal={arXiv preprint arXiv:1508.05326},
  year={2015}
}

@article{wieting2015paraphrase,
  title={From paraphrase database to compositional paraphrase model and back},
  author={Wieting, John and Bansal, Mohit and Gimpel, Kevin and Livescu, Karen and Roth, Dan},
  journal={arXiv preprint arXiv:1506.03487},
  year={2015}
}

@article{conneau2017supervised,
  title={Supervised Learning of Universal Sentence Representations from Natural Language Inference Data},
  author={Conneau, Alexis and Kiela, Douwe and Schwenk, Holger and Barrault, Loic and Bordes, Antoine},
  journal={arXiv preprint arXiv:1705.02364},
  year={2017}
}