@inproceedings{mitchell2008vector,
  title={Vector-based Models of Semantic Composition.},
  author={Mitchell, Jeff and Lapata, Mirella},
  booktitle={ACL},
  pages={236--244},
  year={2008}
}

@inproceedings{blacoe2012comparison,
  title={A comparison of vector-based representations for semantic composition},
  author={Blacoe, William and Lapata, Mirella},
  booktitle={Proceedings of the 2012 joint conference on empirical methods in natural language processing and computational natural language learning},
  pages={546--556},
  year={2012},
  organization={Association for Computational Linguistics}
}

@inproceedings{ganitkevitch2013ppdb,
  title={PPDB: The Paraphrase Database.},
  author={Ganitkevitch, Juri and Van Durme, Benjamin and Callison-Burch, Chris},
  booktitle={HLT-NAACL},
  pages={758--764},
  year={2013}
}

@article{bowman2015large,
  title={A large annotated corpus for learning natural language inference},
  author={Bowman, Samuel R and Angeli, Gabor and Potts, Christopher and Manning, Christopher D},
  journal={arXiv preprint arXiv:1508.05326},
  year={2015}
}

@article{wieting2015paraphrase,
  title={From paraphrase database to compositional paraphrase model and back},
  author={Wieting, John and Bansal, Mohit and Gimpel, Kevin and Livescu, Karen and Roth, Dan},
  journal={arXiv preprint arXiv:1506.03487},
  year={2015}
}

@article{conneau2017supervised,
  title={Supervised Learning of Universal Sentence Representations from Natural Language Inference Data},
  author={Conneau, Alexis and Kiela, Douwe and Schwenk, Holger and Barrault, Loic and Bordes, Antoine},
  journal={arXiv preprint arXiv:1705.02364},
  year={2017}
}

@article{bengio2003neural,
  title={A neural probabilistic language model},
  author={Bengio, Yoshua and Ducharme, R{\'e}jean and Vincent, Pascal and Jauvin, Christian},
  journal={Journal of machine learning research},
  volume={3},
  number={Feb},
  pages={1137--1155},
  year={2003}
}

@inproceedings{kiros2015skip,
  title={Skip-thought vectors},
  author={Kiros, Ryan and Zhu, Yukun and Salakhutdinov, Ruslan R and Zemel, Richard and Urtasun, Raquel and Torralba, Antonio and Fidler, Sanja},
  booktitle={Advances in neural information processing systems},
  pages={3294--3302},
  year={2015}
}

@article{collobert2011natural,
  title={Natural language processing (almost) from scratch},
  author={Collobert, Ronan and Weston, Jason and Bottou, L{\'e}on and Karlen, Michael and Kavukcuoglu, Koray and Kuksa, Pavel},
  journal={Journal of Machine Learning Research},
  volume={12},
  number={Aug},
  pages={2493--2537},
  year={2011}
}

@inproceedings{mikolov2013distributed,
  title={Distributed representations of words and phrases and their compositionality},
  author={Mikolov, Tomas and Sutskever, Ilya and Chen, Kai and Corrado, Greg S and Dean, Jeff},
  booktitle={Advances in neural information processing systems},
  pages={3111--3119},
  year={2013}
}

@inproceedings{pennington2014glove,
  title={Glove: Global vectors for word representation},
  author={Pennington, Jeffrey and Socher, Richard and Manning, Christopher},
  booktitle={Proceedings of the 2014 conference on empirical methods in natural language processing (EMNLP)},
  pages={1532--1543},
  year={2014}
}

@inproceedings{deng2009imagenet,
  title={Imagenet: A large-scale hierarchical image database},
  author={Deng, Jia and Dong, Wei and Socher, Richard and Li, Li-Jia and Li, Kai and Fei-Fei, Li},
  booktitle={Computer Vision and Pattern Recognition, 2009. CVPR 2009. IEEE Conference on},
  pages={248--255},
  year={2009},
  organization={IEEE}
}

@article{deerwester1990indexing,
  title={Indexing by latent semantic analysis},
  author={Deerwester, Scott and Dumais, Susan T and Furnas, George W and Landauer, Thomas K and Harshman, Richard},
  journal={Journal of the American society for information science},
  volume={41},
  number={6},
  pages={391},
  year={1990},
  publisher={American Documentation Institute}
}

@inproceedings{sharif2014cnn,
  title={CNN features off-the-shelf: an astounding baseline for recognition},
  author={Sharif Razavian, Ali and Azizpour, Hossein and Sullivan, Josephine and Carlsson, Stefan},
  booktitle={Proceedings of the IEEE conference on computer vision and pattern recognition workshops},
  pages={806--813},
  year={2014}
}

@inproceedings{taigman2014deepface,
  title={Deepface: Closing the gap to human-level performance in face verification},
  author={Taigman, Yaniv and Yang, Ming and Ranzato, Marc'Aurelio and Wolf, Lior},
  booktitle={Proceedings of the IEEE conference on computer vision and pattern recognition},
  pages={1701--1708},
  year={2014}
}

@inproceedings{antol2015vqa,
  title={Vqa: Visual question answering},
  author={Antol, Stanislaw and Agrawal, Aishwarya and Lu, Jiasen and Mitchell, Margaret and Batra, Dhruv and Lawrence Zitnick, C and Parikh, Devi},
  booktitle={Proceedings of the IEEE International Conference on Computer Vision},
  pages={2425--2433},
  year={2015}
}

@inproceedings{marelli2014sick,
  title={A SICK cure for the evaluation of compositional distributional semantic models.},
  author={Marelli, Marco and Menini, Stefano and Baroni, Marco and Bentivogli, Luisa and Bernardi, Raffaella and Zamparelli, Roberto},
  booktitle={LREC},
  pages={216--223},
  year={2014}
}

@article{hochreiter1997long,
  title={Long short-term memory},
  author={Hochreiter, Sepp and Schmidhuber, J{\"u}rgen},
  journal={Neural computation},
  volume={9},
  number={8},
  pages={1735--1780},
  year={1997},
  publisher={MIT Press}
}

@article{chung2014empirical,
  title={Empirical evaluation of gated recurrent neural networks on sequence modeling},
  author={Chung, Junyoung and Gulcehre, Caglar and Cho, KyungHyun and Bengio, Yoshua},
  journal={arXiv preprint arXiv:1412.3555},
  year={2014}
}

@inproceedings{dolan2004unsupervised,
  title={Unsupervised construction of large paraphrase corpora: Exploiting massively parallel news sources},
  author={Dolan, Bill and Quirk, Chris and Brockett, Chris},
  booktitle={Proceedings of the 20th international conference on Computational Linguistics},
  pages={350},
  year={2004},
  organization={Association for Computational Linguistics}
}

@article{faruqui2016problems,
  title={Problems with evaluation of word embeddings using word similarity tasks},
  author={Faruqui, Manaal and Tsvetkov, Yulia and Rastogi, Pushpendre and Dyer, Chris},
  journal={arXiv preprint arXiv:1605.02276},
  year={2016}
}

@inproceedings{levy2014linguistic,
  title={Linguistic regularities in sparse and explicit word representations},
  author={Levy, Omer and Goldberg, Yoav},
  booktitle={Proceedings of the eighteenth conference on computational natural language learning},
  pages={171--180},
  year={2014}
}

@article{kingma2014adam,
  title={Adam: A method for stochastic optimization},
  author={Kingma, Diederik and Ba, Jimmy},
  journal={arXiv preprint arXiv:1412.6980},
  year={2014}
}